@ONLINE {petermehlitz,
    author = "Peter Mehlitz",
    title  = "JPF-Wiki",
    month  = "may",
    year   = "2009",
    note = "Accessed 8th January 2017",
    howpublished = "\url{http://babelfish.arc.nasa.gov/trac/jpf}"
}
@ONLINE {verify,
    author = "Peter Mehlitz",
    title  = "The Verify API",
    month  = "mar",
    year   = "2014",
    note = "Accessed 8th January 2017",
    howpublished = "\url{http://babelfish.arc.nasa.gov/trac/jpf/wiki/user/api}"
}

@ONLINE {corinapasareanu2016,
    author = "Corina Pasareanu",
    title  = "jpf-symbc",
    month  = "jul",
    year   = "2016",
    note = "Accessed 8th January 2017",
    howpublished = "\url{http://babelfish.arc.nasa.gov/trac/jpf/wiki/projects/jpf-symbc}"
}
@MANUAL {petermehlitz2010,
    title        = "JPF-Tutorial",
    author       = "Peter Mehlitz",
    organization = "NASA",
    note = "Accessed 8th January 2017",
    howpublished = "\url{http://babelfish.arc.nasa.gov/trac/jpf/attachment/wiki/presentations/start/JPF-Tutorial.pdf}",
    month        = "feb",
    year         = "2010"
}
@ONLINE {slack,
    title = "Slack",
    note = "Accessed 8th January 2017",
    howpublished = "\url{https://slack.com/is}"
}
@ONLINE {mockito,
    title = "Mockito",
    note = "Accessed 8th January 2017",
    howpublished = "\url{http://site.mockito.org/}"
}
@ONLINE {docker,
    title = "Docker",
    note = "Accessed 8th January 2017",
    howpublished = "\url{https://www.docker.com/}"
}
@ONLINE {jacoco,
    title = "Jacoco",
    note = "Accessed 8th January 2017",
    howpublished = "\url{http://www.eclemma.org/jacoco/}"
}
@ONLINE {messenger,
    title = "Messenger",
    note = "Accessed 8th January 2017",
    howpublished = "\url{https://www.messenger.com/login.php?}"
}
@ONLINE {angular,
    title = "Angular",
    note = "Accessed 8th January 2017",
    howpublished = "\url{https://angular.io/}"
}
@ONLINE {karma,
    title = "Karma",
    note = "Accessed 8th January 2017",
    howpublished = "\url{https://karma-runner.github.io/1.0/index.html}"
}

@ONLINE {d3,
    title = "D3",
    note = "Accessed 8th January 2017",
    howpublished = "\url{https://d3js.org/}"
}

@ONLINE {typescript,
    title = "TypeScript",
    note = "Accessed 8th January 2017",
    howpublished = "\url{https://www.typescriptlang.org/}"
}

@ONLINE {jasmine,
    title = "Jasmine",
    note = "Accessed 8th January 2017",
    howpublished = "\url{https://jasmine.github.io/}"
}

@ONLINE {skype,
    title = "Skype",
    note = "Accessed 8th January 2017",
    howpublished = "\url{https://www.skype.com/en/}"
}
@ONLINE {trello,
    title = "Trello",
    note = "Accessed 8th January 2017",
    howpublished = "\url{https://trello.com/}"
}
@ONLINE {travis,
    title = "Travis=CI",
    note = "Accessed 8th January 2017",
    howpublished = "\url{https://travis-ci.org/}"
}
@ONLINE {github,
    title = "GitHub",
    note = "Accessed 8th January 2017",
    howpublished = "\url{https://github.com/}"
}
@ONLINE {gradle,
    title = "Gradle",
    note = "Accessed 8th January 2017",
    howpublished = "\url{https://gradle.org/}"
}
@ONLINE {jackson,
    title = "Jackson",
    note = "Accessed 8th January 2017",
    howpublished = "\url{https://github.com/FasterXML/jackson}"
}
@ONLINE {swagger,
    title = "Swagger",
    note = "Accessed 8th January 2017",
    howpublished = "\url{http://swagger.io/}"
}
@ONLINE {spring,
    title = "Spring",
    note = "Accessed 8th January 2017",
    howpublished = "\url{https://spring.io/}"
}
@ONLINE {vincentdriessen2010,
    author = "Vincent Driessen",
    title  = "A successful Git branching model",
    month  = "jan",
    year   = "2010",
    note = "Accessed 8th January 2017",
    howpublished = "\url{http://nvie.com/posts/a-successful-git-branching-model/}"
}

@ONLINE {uploader,
    title = "NGX-Uploader",
    note = "Accessed 8th January 2017",
    howpublished = "\url{https://github.com/jkuri/ngx-uploader}"
}

@ONLINE {junit,
    title = "JUnit",
    note = "Accessed 8th January 2017",
    howpublished = "\url{http://junit.org/junit4/}"
}

@ONLINE {aws,
    title = "Amazon Web Services",
    note = "Accessed 8th January 2017",
    howpublished = "\url{https://aws.amazon.com/?nc2=h_lg}"
}

@ONLINE {postman,
    title = "Postman",
    note = "Accessed 8th January 2017",
    howpublished = "\url{https://www.getpostman.com/}"
}